@book{theorie,
author = {Behnke, S. and Braun, T.},
title = {DSV - Theorielehrbuch},
publisher = {Deutscher Skiverband Verlag},
address = {Planegg},
year = {2013} }
